<record><leader>00000cas a2200000 i 4500</leader><controlfield tag="001">427378452</controlfield><controlfield tag="006">swr neo     0    0</controlfield><controlfield tag="007">cr un|||||||||</controlfield><controlfield tag="008">090722c20049999cauwr neo     0    0eng c</controlfield><datafield ind1=" " ind2=" " tag="010"><subfield code="a">  2015238520</subfield></datafield><datafield ind1=" " ind2=" " tag="040"><subfield code="a">AMH</subfield><subfield code="b">eng</subfield><subfield code="e">rda</subfield><subfield code="e">pn</subfield><subfield code="c">AMH</subfield><subfield code="d">OCLCQ</subfield><subfield code="d">OCLCF</subfield><subfield code="d">OCLCO</subfield><subfield code="d">CNCGM</subfield><subfield code="d">HTM</subfield><subfield code="d">CUS</subfield><subfield code="d">IUL</subfield><subfield code="d">COO</subfield></datafield><datafield ind1=" " ind2=" " tag="019"><subfield code="a">664590168</subfield><subfield code="a">786448809</subfield><subfield code="a">839798658</subfield></datafield><datafield ind1=" " ind2=" " tag="042"><subfield code="a">pcc</subfield></datafield><datafield ind1=" " ind2=" " tag="043"><subfield code="a">n-us-ca</subfield></datafield><datafield ind1=" " ind2="4" tag="050"><subfield code="a">F868.M7</subfield><subfield code="b">C73</subfield></datafield><datafield ind1="0" ind2=" " tag="130"><subfield code="a">Monterey County weekly (Online).</subfield></datafield><datafield ind1="1" ind2="0" tag="245"><subfield code="a">Monterey County weekly.</subfield></datafield><datafield ind1=" " ind2="1" tag="264"><subfield code="a">Seaside, CA :</subfield><subfield code="b">Milestone Communications, Inc.,</subfield><subfield code="c">2004-</subfield></datafield><datafield ind1=" " ind2=" " tag="300"><subfield code="a">1 online resource</subfield></datafield><datafield ind1=" " ind2=" " tag="310"><subfield code="a">Weekly</subfield></datafield><datafield ind1=" " ind2=" " tag="336"><subfield code="a">text</subfield><subfield code="b">txt</subfield><subfield code="2">rdacontent</subfield></datafield><datafield ind1=" " ind2=" " tag="337"><subfield code="a">computer</subfield><subfield code="b">c</subfield><subfield code="2">rdamedia</subfield></datafield><datafield ind1=" " ind2=" " tag="338"><subfield code="a">online resource</subfield><subfield code="b">cr</subfield><subfield code="2">rdacarrier</subfield></datafield><datafield ind1="1" ind2=" " tag="362"><subfield code="a">Began with Feb. 12, 2004.</subfield></datafield><datafield ind1=" " ind2=" " tag="588"><subfield code="a">Description based on print version record.</subfield></datafield><datafield ind1=" " ind2=" " tag="588"><subfield code="a">Latest issue consulted: Jun. 18-Jun. 24, 2015  = no. 1403 (surrogate).</subfield></datafield><datafield ind1=" " ind2="0" tag="651"><subfield code="a">Monterey County (Calif.)</subfield><subfield code="v">Newspapers.</subfield></datafield><datafield ind1=" " ind2="0" tag="651"><subfield code="a">Seaside (Calif.)</subfield><subfield code="v">Newspapers.</subfield></datafield><datafield ind1=" " ind2="0" tag="650"><subfield code="a">Arts</subfield><subfield code="z">California</subfield><subfield code="z">Monterey County</subfield><subfield code="v">Newspapers.</subfield></datafield><datafield ind1=" " ind2="7" tag="650"><subfield code="a">Arts.</subfield><subfield code="2">fast</subfield><subfield code="0">(OCoLC)fst00817721</subfield></datafield><datafield ind1=" " ind2="7" tag="651"><subfield code="a">California</subfield><subfield code="z">Monterey County.</subfield><subfield code="2">fast</subfield><subfield code="0">(OCoLC)fst01208098</subfield></datafield><datafield ind1=" " ind2="7" tag="651"><subfield code="a">California</subfield><subfield code="z">Seaside.</subfield><subfield code="2">fast</subfield><subfield code="0">(OCoLC)fst01215452</subfield></datafield><datafield ind1=" " ind2="7" tag="655"><subfield code="a">Newspapers.</subfield><subfield code="2">fast</subfield><subfield code="0">(OCoLC)fst01423814</subfield></datafield><datafield ind1=" " ind2=" " tag="752"><subfield code="a">United States</subfield><subfield code="b">California</subfield><subfield code="c">Monterey</subfield><subfield code="d">Seaside.</subfield></datafield><datafield ind1="0" ind2="8" tag="776"><subfield code="i">Print version:</subfield><subfield code="t">Monterey County weekly</subfield><subfield code="w">(OCoLC)56992601</subfield></datafield><datafield ind1="0" ind2="0" tag="780"><subfield code="t">Coast weekly</subfield><subfield code="w">(DLC)  2015238519</subfield><subfield code="w">(OCoLC)54030922</subfield></datafield><datafield ind1="4" ind2="0" tag="856"><subfield code="u">http://www.montereycountyweekly.com</subfield></datafield><datafield ind1="4" ind2="0" tag="856"><subfield code="u">http://search.proquest.com/publication/29189</subfield></datafield><datafield ind1="4" ind2="0" tag="856"><subfield code="u">http://WC2VB5MT8E.search.serialssolutions.com/?sid=sersol&amp;SS_jc=JC_000739226&amp;title=Monterey+County+Weekly</subfield></datafield><datafield ind1="4" ind2="0" tag="856"><subfield code="u">http://proquest.umi.com/</subfield></datafield></record>